@comment{x-kbibtex-personnameformatting=<%l><, %f>}

%% This file was converted to BibTeX by Writer2BibTeX ver. 1.0.2.
%% See http://writer2latex.sourceforge.net for more info.

@manual{osiamSpec,
	author = "Preilowski, Christian",
	organization = "OSIAM GmbH",
	title = "{OSIAM - Technical Overview}",
	howpublished = "\url{http://repo.osiam.org/documents/osiam_technical_overview/osiam_technical_overview.pdf}",
	year = "2012"
}

@electronic{bib:xacml-spec,
	author = "Moses, Tim",
	citeulike-article-id = "1405401",
	citeulike-linkout-0 = "http://docs.oasis-open.org/xacml/2.0/access\_control-xacml-2.0-core-spec-os.pdf",
	day = "1",
	howpublished = "\url{http://docs.oasis-open.org/xacml/2.0/access\_control-xacml-2.0-core-spec-os.pdf}",
	institution = "OASIS",
	keywords = "standard; xml-access-control",
	organization = "OASIS",
	posted-at = "2007-10-25 22:16:25",
	priority = "2",
	title = "{eXtensible Access Control Markup Language TC v2.0 (XACML)}",
	year = "2005"
}

@manual{OSIAM_operation_manual,
	author = "Weiler, Oliver",
	organization = "OSIAM GmbH",
	title = "{OSIAM Operation Manual}",
	year = "2012"
}

@book{Sezov:2009:LPA:1717259,
	address = "Los Angeles, CA",
	author = "Sezov, Richard",
	isbn = "0578027291, 9780578027296",
	publisher = "Liferay Press",
	title = "{Liferay Portal Administrator's Guide, 3rd Edition}",
	year = "2009"
}

@manual{yubico_user_guide,
	edition = "1.1",
	howpublished = "{\url{http://static.yubico.com/var/uploads/pdfs/Cross\_Platform\_YubiKey\_Personalization\_Tool\_3.0.1\_User\_guide\_v5.pdf}}",
	month = may,
	organization = "Yubico Inc.",
	title = "{Cross-platform YubiKey Personalization Tool 3.0.1 User Guide v5}",
	year = "2012"
}

@misc{ykpersonalize_readme,
	howpublished = "{\url{https://github.com/Yubico/yubikey-personalization/wiki/Read-Me}}",
	month = sep,
	organization = "Yubico Inc.",
	title = {{YubiKey command line tool "ykpersonalize" Read Me}},
	year = "2012"
}

